@misc{wiki:kuramoto_model,
  author = {{Wikipedia contributors}},
  title = "{Kuramoto model}",
  url = "https://en.wikipedia.org/wiki/Kuramoto_model",
}
@misc{wiki:scale_free_network,
  author = {{Wikipedia contributors}},
  title = "{Scale-free network}",
  url = "https://en.wikipedia.org/wiki/Scale-free_network",
}
