@misc{wiki:Mathematical_modelling_of_infectious_diseases,
  author = {{Wikipedia contributors}},
  title = "{Mathematical modelling of infectious diseases}",
  url = "https://en.wikipedia.org/wiki/Mathematical_modelling_of_infectious_diseases",
}
