@misc{wiki:kuramoto_model,
  author = {{Wikipedia contributors}},
  title = "{Kuramoto model}",
  url = "https://en.wikipedia.org/wiki/Kuramoto_model",
}
@misc{wiki:scale_free_network,
  author = {{Wikipedia contributors}},
  title = "{Scale-free network}",
  url = "https://en.wikipedia.org/wiki/Scale-free_network",
}
@misc{wiki:er_model,
  author = {{Wikipedia contributors}},
  title = "{Erdős–Rényi model}",
  url = "https://en.wikipedia.org/wiki/Erd%C5%91s%E2%80%93R%C3%A9nyi_model",
}
