@article{nips:attention,
  title={Attention is all you need},
  author={Ashish Vaswani and Noam Shazeer and Niki Parmar and Jakob Uszkoreit and Llion Jones and Aidan N. Gomez and ≈Åukasz Kaiser and Illia Polosukhin},
  journal={Advances in Neural Information Processing Systems},
  year={2017},
  publisher={The MIT Press},
}
@misc{wiki:transformer,
  author = {{Wikipedia contributors}},
  title = "{Transformer (machine learning model)}",
  url = "https://en.wikipedia.org/wiki/Transformer_(machine_learning_model)",
}
@misc{wiki:attention,
  author = {{Wikipedia contributors}},
  title = "{Attention (machine learning)}",
  url = "https://en.wikipedia.org/wiki/Attention_(machine_learning)",
}
@misc{github:illustrated-transformer,
  author = {Jay Alammar},
  title = "illustrated transformer",
  url = "https://jalammar.github.io/illustrated-transformer/",
}
