@article{nips:attention,
  title={Heavy–tailed neuronal connectivity arises from Hebbian self–organization},
  author={Christopher W. Lynn and Caroline M. Holmes and Stephanie E. Palmer},
  journal={Nature Physics},
  year={2024},
  publisher={The MIT Press},
}
